@techreport{industryresults,
	author =	"Thomas Bauernhansl and J{\"o}rg Kr{\"u}ger and Gunther Reinhart and G{\"u}nther Schuh",
	title = 	"WGP-Standpunkt Industrie 4.0",
	year = 		"2016",
	institution = "Wissenshaftliche Gesellschaft f{\"u}r Produktionstechnik",
}

@article{industry40,
	author =	"Andreja Rojko",
	title = 	"Industry 4.0 Concept: Background and Overview",
	year = 		"2017",
	institution = "International Journal of Interactive Mobile Technologies (iJIM)",
}

@book{iop, 
author={T. Vilarinho and B. A. Farshchian and J. Floch and B. M. Mathisen}, 
booktitle={2013 9th International Conference on Intelligent Environments}, 
title={A Communication Framework for the Internet of People and Things Based on the Concept of Activity Feeds in Social Computing}, 
year={2013},
month={July},
}

@conference{ioe, 
author={F. J. N. d. Santos and S. G. Villalonga}, 
booktitle={2015 23rd Euromicro International Conference on Parallel, Distributed, and Network-Based Processing}, 
title={Exploiting Local Clouds in the Internet of Everything Environment}, 
year={2015},
month={March},
}

@conference{collabtypes, 
author={G. Schuh, T. Potente, C. Wesch-Potente and Annika Hauptvogel.}, 
booktitle={Proceedings of the 11th Global Conference on Sustainable Manufacturing}, 
title={Sustainable increase of overhead productivity due to cyber-physicalsystems}, 
year=2013,
month={March},
}

@article{newinformation,
author={Henning Kagermann}, 
title={Change through digitization : value creation in the Age of Industry 4.0}, 
year=2015,
}

@article{fromiot2ioe, 
author={J. Miranda and N. MÃ¤kitalo and J. Garcia-Alonso and J. Berrocal and T. Mikkonen and C. Canal and J. M. Murillo}, 
journal={IEEE Internet Computing}, 
title={From the Internet of Things to the Internet of People}, 
year={2015}, 
volume={19}, 
number={2}, 
pages={40-47}, 
keywords={Internet of Things;mobile computing;smart phones;Internet of Things;Internet of People;person context;smartphones;IoT;Internet of things;Mobile handsets;Mobile communication;Sociology;Affective computing;Pervasive computing;Web browsers;Social network services;Internet of Things;Internet of People;mobile devices;sociological profiles;pervasive computing;sensors;adaptation to user state;affective computing;Internet/Web technologies}, 
doi={10.1109/MIC.2015.24}, 
ISSN={1089-7801}, 
month={Mar},
}

@INPROCEEDINGS{hri, 
author={M. Awais and D. Henrich}, 
booktitle={2013 11th International Conference on Frontiers of Information Technology}, 
title={Human-Robot Interaction in an Unknown Human Intention Scenario}, 
year={2013}, 
volume={}, 
number={}, 
pages={89-94}, 
keywords={human-robot interaction;learning (artificial intelligence);particle filtering (numerical methods);human-robot interaction;human intention scenario;human action;potential actions;action randomness;heuristic based action predictions;reinforcement learning;RL based algorithm;particle filter;PF based algorithm;probabilistic action selection;Human-robot interaction;History;Probabilistic logic;Trajectory;Robot kinematics;Service robots;Human-Robot interaction;intention estimation}, 
doi={10.1109/FIT.2013.24}, 
ISSN={}, 
month={Dec},
}

@INPROCEEDINGS{m-learning, 
author={S. Jaschke}, 
booktitle={2014 International Conference on Interactive Collaborative Learning (ICL)}, 
title={Mobile learning applications for technical vocational and engineering education: The use of competence snippets in laboratory courses and industry 4.0}, 
year={2014}, 
volume={}, 
number={}, 
pages={605-608}, 
keywords={computer aided instruction;distance learning;educational courses;engineering education;mobile computing;source code (software);mobile learning application;m-learning;engineering education;competence snippet;laboratory course;Industry 4.0;workplace-based learning environment;electronic learning;e-learning;Mobile communication;Industries;Laboratories;Training;Conferences;Engineering education;e-Learning;m-Learning;industrial revolution (industry 4.0);engineering education;life-long learning}, 
doi={10.1109/ICL.2014.7017840}, 
ISSN={}, 
month={Dec},
}

@article{safehrc,
author = {Michalos, George and Makris, S and Tsarouchi, Panagiota and Guasch, Toni and Kontovrakis, Dimitris and Chryssolouris, George},
year = {2015},
month = {12},
pages = {248-253},
title = {Design Considerations for Safe Human-robot Collaborative Workplaces},
volume = {37},
journal = {Procedia CIRP},
doi = {10.1016/j.procir.2015.08.014}
}

@article{humanfactors,
title={Human Weaknesses and strengths in collaboration with robots},
volume={52},
url={https://pp.bme.hu/me/article/view/1296},
DOI={https://doi.org/10.3311/pp.me.2008-1.05},
number={1},
journal={Periodica Polytechnica Mechanical Engineering},
author={Ogorodnikova, Olessia},
pages={25-33}
}

@manual{sunrisemanual,
  title={System Software - KUKA Sunrise.OS 1.16 - Operating Instructions for End Users},
  organization = {KUKA Deutschland GmbH},
  year         = 2018,
}

@manual{grippermanual,
    organization  = "SCHUNK GmbH \& Co. KG",
    title         = "Electrical parallel gripper MEG 50 EC Assembly and Operational Manual",
    number        = "0389201",
    year          =  2016,
    month         =  3,    
    note          = "Rev. 02.01 EN"
}